%Libros
@book{FP10,
    author = {Fowler, M. and Parsons, R.},
    title = {Domain Specific Languages},
    year = {2010},
    isbn = {0132107546},
    publisher = {Addison-Wesley Professional},
    edition = {1},
}

@book{CLR90,
    author = {Cormen, T.and Leiserson, C. and Rivest, R.},
    title = {Introduction to Algorithms},
    year = {1990},
    isbn = {0262031418},
    publisher = {MIT Press and McGraw-Hill},
    edition = {1},
}

@book{RN09,
    author = {Russell, S. and Norvig, P.},
    title = {Artificial Intelligence: A Modern Approach},
    year = {2009},
    isbn = {0136042597},
    publisher = {Prentice Hall},
    edition = {3},
}

@book{S09,
    author = {Scott, M.},
    title = {Programming Language Pragmatics},
    year = {2009},
    isbn = {0126339511},
    publisher = {Morgan Kaufmann},
    edition = {3},
}

@book{ALSU06,
    author = {Aho, A. and Lam, M. and Sethi, R. and Ullman, J.},
    title = {Compilers: Principles, Techniques, and Tools},
    year = {2006},
    isbn = {0321486811},
    publisher = {Addison Wesley},
    edition = {2},
}

@book{PL91,
    author = {Prusinkiewicz, P. and Lindenmayer, A.},
    title = {The Algorithmic Beauty of Plants},
    year = {1991},
    isbn = {9780387972978},
    publisher = {Springer},
    edition = {1},
}

@book{R92,
    author = {Rozenberg, G.},
    title = {Lindenmayer Systems: Impacts on Theoretical Computer 
			Science, Computer Graphics, and Developmental Biology},
    year = {1992},
    isbn = {9783540553205},
    publisher = {Springer},
    edition = {1},
}

%Articulos

@article{CM06,
	  author  = {Compton, K. and Mateas, M.},
	  title   = {Procedural Level Design for Platform Games},
	  journal = {Georgia Institute of Technology},
	  year    = {2006},
}
%http://www.upf.edu/hipertextnet/numero-3/taxonomias.html
@article{CM05,
	  author  = {Miquel Centelles},
	  title   = {Taxonomías para la categorización y la organización de la información en sitios web},
	  journal = {Universitat de Barcelona},
	  year    = {2005},
}

%Varios
@misc{TDC,
	Title = {Tudescuenton.com},
	howpublished = "\url{http://www.tudescuenton.com/about/us.php}, consultado el \today"
}

@misc{LTG,
	Title = {LealTag},
	howpublished = "\url{http://www.lealtag.com/}, consultado el \today"
}

@misc{SCC,
	Title = {Sucucho},
	howpublished = "\url{http://sucucho.com/ve/sucucho/nosotros}, consultado el \today"
}

@misc{TGD,
	Title = {Tuguia.de},
	howpublished = "\url{http://tuguia.de/preguntas-frecuentes}, consultado el \today"
}

@misc{DGT,
	Title = {By 2017 there will almost be as many smartphones as literate adults.},
	howpublished = "\url{http://www.digitaltrends.com/mobile/2017-literate-adults-smartphones/}, consultado el \today"
}

@misc{TMM,
	Title = {The Mobile Movement},
	howpublished = "\url{http://www.google.com/think/research-studies/the-mobile-movement.html}, consultado el \today"
}

@misc{NTD,
	Title = {NIELSEN TOPS OF 2012: DIGITAL},
	howpublished = "\url{http://www.nielsen.com/us/en/newswire/2012/nielsen-tops-of-2012-digital.html}, consultado el \today"
}

@misc{PCM,
	Title = {Definition of:Smartphone},
	howpublished = "\url{http://www.pcmag.com/encyclopedia/term/51537/smartphone}, consultado el \today"
}

@misc{ASDK,
	Title = {Get the Android SDK},
	howpublished = "\url{http://developer.android.com/sdk/index.html}, consultado el \today"
}
@misc{ANDK,
	Title = {Android NDK},
	howpublished = "\url{http://developer.android.com/tools/sdk/ndk/index.html}, consultado el \today"
}

@misc{JSON,
	Title = {Json},
	howpublished = "\url{http://www.json.org/}, consultado el \today",
}

@misc{PCG,
	Title = {Polygonal Content Generation},
	howpublished = "\url{http://pcg.wikidot.com/}, consultado el \today"
}
